@article{shi2024ehragent,
  title={Ehragent: Code empowers large language models for complex tabular reasoning on electronic health records},
  author={Shi, Wenqi and Xu, Ran and Zhuang, Yuchen and Yu, Yue and Zhang, Jieyu and Wu, Hang and Zhu, Yuanda and Ho, Joyce and Yang, Carl and Wang, May D},
  journal={EMNLP},
  year={2024}
}

@inproceedings{wang2020text,
  title={Text-to-SQL Generation for Question Answering on Electronic Medical Records},
  author={Wang, Ping and Shi, Tian and Reddy, Chandan K},
  booktitle={Proceedings of The Web Conference 2020},
  pages={350--361},
  year={2020}
}

@article{physioNet,
  title = {MIMIC-III Clinical Database},
  author = {Johnson, Alistair and Pollard, Tom and Roger Mark},
  volume = {version 1.4},
  year = {2016},
  url = {https://doi.org/10.13026/C2XW26}
}

@article{PhysioBank_PhysioToolkit_PhysioNet,
  author = {Goldberger, A. and Amaral, L. and Glass, L. and Hausdorff, J. and Ivanov, P.C. and Mark, R. and Mietus, J.E. and Moody, G.B. and Peng, C.K. and Stanley, H.E.},
  title = {PhysioBank, PhysioToolkit, and PhysioNet: Components of a new research resource for complex physiologic signals. Circulation [Online].},
  year = {2000},
  url = {https://doi.org/10.13026/C2XW26},
  pages = {e215â€“e220}
}

@article{Johnson2016,
  author = {Johnson, Alistair E.W. and Pollard, Tom J. and Shen, Lu and Lehman, Li-wei H. and Feng, Mengling and Ghassemi, Mohammad and Moody, Benjamin and Szolovits, Peter and Anthony Celi, Leo and Mark, Roger G.},
  journal = {Scientific Data},
  title = {MIMIC-III, a freely accessible critical care database},
  volume = {3},
  year = {2016},
  url = {https://doi.org/10.1038/sdata.2016.35},
  DO = {10.1038/sdata.2016.35},
  issue = {1}
}
